@inbook{basedef,
	author="Карпова И.П.",
	title="Базы данных: учебное пособие.",
	publisher="--- Московский государственный институт электроники и математики (Технический университет).",
	pages="6 -- 8 ",
	language="russian",
	year=2009
}

@inbook{kernel_linux_robert,
	author="Роберт Лав",
	title="Ядро Linux: описание процесса разработки, 3-е изд",
	publisher="--- Москва: ООО <<И.Д. Вильямс>>",
	pages="496",
	language="russian",
	year=2013
}


@inbook{linux_network_implementation,
	author="Rami Rosen",
	title="Linux Kernel Networking Implementation and Theory.",
	publisher="--- Apress: ISBN.",
	pages="648",
	language="russian",
	year=2014
}

@inbook{linux_network_internals,
	author="Christian Benvenuti",
	title="Understanding Linux Network Internals.",
	publisher="--- Sebastopol: O’Reilly Media, Inc.",
	pages="1064",
	language="english",
	year=2005
}

@inbook{tcpip_craig,
	author="Крэйг Хант",
	title="TCP/IP Сетевое администрирование 3-е издание.",
	publisher="--- Санкт-Петербург: Издательство <<Симво>>",
	pages="18 -- 42",
	language="russian",
	year=2008
}

@inbook{tcpip_lora,
	author="Лора А. Чеппел, Эд Титтел",
	title="TCP/IP: учебное пособие.",
	publisher="--- Cанкт-Петербург: Издательство <<БXВ-Петербург>>",
	pages="11 -- 77",
	language="russian",
	year=2003
}

@inbook{bpf_for_monitoring,
	author="Калавера Дэвид, Фонтана Лоренцо",
	title="BPF для мониторинга Linux.",
	publisher="--- Cанкт-Петербург: Издательство <<Питер>>",
	pages="208",
	language="russian",
	year=2021
}

@inbook{os_gostev,
	author="И. М. Гостев",
	title="Операционные системы : учебник и практикум для вузов, 2-е изд.",
	publisher="--- Москва: Издательство <<Юрайт>>",
	pages="164 ",
	language="russian",
	year=2022
}

@misc{adreyev,
	title="Андреев А.В. Классификация СУБД. [Электронный ресурс].",
	howpublished="Режим доступа: \url{https://scienceforum.ru/2016/article/2016019197}",
}

@misc{architec,
	title="Архитектура базы данных. [Электронный ресурс].",
	howpublished="Режим доступа: \url{https://app.myeducator.com/reader/web/617b/chapter01/gj149/#:~:text=File%20server%20architecture%20is%20a,the%20data%20by%20the%20network.}",
}

@misc{classichoose,
	title="Классификация и выбор СУБД. [Электронный ресурс].",
	howpublished="Режим доступа: \url{https://andpop.ru/files/lection/DBMS/07_DBMS_classification.pdf}",
}

@misc{instument,
	title="Инструментальное программное обеспечение. [Электронный ресурс].",
	howpublished="Режим доступа: \url{https://laleshin.narod.ru/pto/T-2-2.pdf}",
}

@misc{setevaya,
	title="Сетевая СУБД. [Электронный ресурс].",
	howpublished="Режим доступа: \url{https://www.tadviser.ru/index.php/}",
}

@misc{relation,
	title="Что такое реляционная база данных? [Электронный ресурс].",
	howpublished="Режим доступа: \url{https://aws.amazon.com/ru/relational-database/}",
}

@misc{relation2,
	title="Реляционная база данных. [Электронный ресурс].",
	howpublished="Режим доступа: \url{https://appmaster.io/ru/blog/ chto-takoe-reliatsionnaia-baza-dannykh}",
}

@misc{plusminus,
	title="Преимущества и недостатки объектно-ориентированных баз данных. [Электронный ресурс].",
	howpublished="Режим доступа: \url{http://jurnal.org/articles/2007/inf3.html}",
}

@misc{criteria,
	title="Критерии выбора СУБД при создании информационных систем. [Электронный ресурс].",
	howpublished="Режим доступа: \url{http://citforum.ru/database/articles/criteria/}",
}

@misc{one,
	title="Критерии выбора СУБД при создании информационных систем. [Электронный ресурс].",
	howpublished="Режим доступа: \url{http://citforum.ru/database/articles/criteria/}",
}


@book{definebase,
	title={Информационные системы и базы данных: организация и проектирование},
	author={Пирогов, Владислав Юрьевич},
	year={2009},
	publisher={БХВ-Петербург}
}
